% statistics

@article{karpievitch2009statistical,
  title={A statistical framework for protein quantitation in bottom-up
{MS}-based proteomics},
  author={Karpievitch, Yuliya and Stanley, Jeff and Taverner, Thomas
and Huang, Jianhua and Adkins, Joshua N and Ansong, Charles and
Heffron, Fred and Metz, Thomas O and Qian, Wei-Jun and Yoon, Hyunjin
and others},
  journal={Bioinformatics},
  volume={25},
  number={16},
  pages={2028--2034},
  year={2009},
  publisher={Oxford University Press}
}
@article {the2018integrated,
  author = {The, Matthew and K{\"a}ll, Lukas},
  title = {Integrated identification and quantification error
probabilities for shotgun proteomics},
  year = {2018},
  doi = {10.1101/357285},
  publisher = {Cold Spring Harbor Laboratory},
  URL = {https://www.biorxiv.org/content/early/2018/06/28/357285},
  eprint =
{https://www.biorxiv.org/content/early/2018/06/28/357285.full.pdf},
  journal = {bio{R}xiv}
}
@article{tyanova2016perseus,
  title={The {P}erseus computational platform for comprehensive analysis of
(prote) omics data},
  author={Tyanova, Stefka and Temu, Tikira and Sinitcyn, Pavel and Carlson,
Arthur and Hein, Marco Y and Geiger, Tamar and Mann, Matthias and Cox,
J{\"u}rgen},
  journal={Nature {M}ethods},
  volume={13},
  number={9},
  pages={731},
  year={2016},
  publisher={Nature Publishing Group}
}

% matches between runs

@article{cox2014accurate,
  title={Accurate proteome-wide label-free quantification by delayed
normalization and maximal peptide ratio extraction, termed {MaxLFQ}},
  author={Cox, J{\"u}rgen and Hein, Marco Y and Luber, Christian A and
Paron, Igor and Nagaraj, Nagarjuna and Mann, Matthias},
  journal={Molecular \& {C}ellular {P}roteomics},
  volume={13},
  number={9},
  pages={2513--2526},
  year={2014},
  publisher={ASBMB}
}
@article{zhang2016demix,
  title={{DeMix-Q}: {Q}uantification-centered data processing workflow},
  author={Zhang, Bo and K{\"a}ll, Lukas and Zubarev, Roman A},
  journal={Molecular \& {C}ellular {P}roteomics},
  volume={15},
  number={4},
  pages={1467--1478},
  year={2016},
  publisher={ASBMB}
}
@article{argentini2016moff,
  title={{moFF}: {A} robust and automated approach to extract peptide ion
intensities},
  author={Argentini, Andrea and Goeminne, Ludger JE and Verheggen,
Kenneth and Hulstaert, Niels and Staes, An and Clement, Lieven and
Martens, Lennart},
  journal={Nature {M}ethods},
  volume={13},
  number={12},
  pages={964--966},
  year={2016},
  publisher={Nature Research}
}

% missing value imputation

@article{webb2015review,
  title={Review, evaluation, and discussion of the challenges of missing value
imputation for mass spectrometry-based label-free global proteomics},
  author={Webb-Robertson, Bobbie-Jo M and Wiberg, Holli K and Matzke, Melissa M
and Brown, Joseph N and Wang, Jing and McDermott, Jason E and Smith, Richard D
and Rodland, Karin D and Metz, Thomas O and Pounds, Joel G and Waters, Katrina
M},
  journal={Journal of {P}roteome {R}esearch},
  volume={14},
  number={5},
  pages={1993--2001},
  year={2015},
  publisher={ACS Publications}
}
@article{lazar2016accounting,
  title={Accounting for the multiple natures of missing values in
label-free quantitative proteomics data sets to compare imputation
strategies},
  author={Lazar, Cosmin and Gatto, Laurent and Ferro, Myriam and
Bruley, Christophe and Burger, Thomas},
  journal={Journal of {P}roteome {R}esearch},
  volume={15},
  number={4},
  pages={1116--1125},
  year={2016},
  publisher={ACS Publications}
}
@article{rosenberger2017statistical,
  title={Statistical control of peptide and protein error rates in
large-scale targeted data-independent acquisition analyses},
  author={Rosenberger, George and Bludau, Isabell and Schmitt, Uwe and
Heusel, Moritz and Hunter, Christie L and Liu, Yansheng and MacCoss,
Michael J and MacLean, Brendan X and Nesvizhskii, Alexey I and
Pedrioli, Patrick GA and others},
  journal={Nature {M}ethods},
  volume={14},
  number={9},
  pages={921},
  year={2017},
  publisher={Nature Publishing Group}
}
@article{ong2005mass,
  title={Mass spectrometry--based proteomics turns quantitative},
  author={Ong, Shao-En and Mann, Matthias},
  journal={Nature {C}hemical {B}iology},
  volume={1},
  number={5},
  pages={252--262},
  year={2005},
  publisher={Nature Publishing Group}
}
@article{mueller2008assessment,
  title={An assessment of software solutions for the analysis of mass
spectrometry based quantitative proteomics data},
  author={Mueller, Lukas N and Brusniak, Mi-Youn and Mani, DR and
Aebersold, Ruedi},
  journal={Journal of {P}roteome {R}esearch},
  volume={7},
  number={01},
  pages={51--61},
  year={2008},
  publisher={ACS Publications}
}
@article{the2016talk,
  title={How to talk about protein-level false discovery rates in
shotgun proteomics},
  author={The, Matthew and Tasnim, Ayesha and K{\"a}ll, Lukas},
  journal={Proteomics},
  volume={16},
  number={18},
  pages={2461--2469},
  year={2016},
  publisher={Wiley Online Library}
}
@article{granholm2013determining,
  title={Determining the calibration of confidence estimation
procedures for unique peptides in shotgun proteomics},
  author={Granholm, Viktor and Navarro, Jos\'{e} Fern\'{a}ndez and
Noble, William Stafford and K\"{a}ll, Lukas},
  journal={Journal of {P}roteomics},
  volume={80},
  pages={123--131},
  year={2013},
  publisher={Elsevier}
}
@article{kall2008non,
  title={Non-parametric estimation of posterior error probabilities
associated with peptides identified by tandem mass spectrometry},
  author={K{\"a}ll, Lukas and Storey, John D and Noble, William
Stafford},
  journal={Bioinformatics},
  volume={24},
  number={16},
  pages={i42--i48},
  year={2008},
  publisher={Oxford University Press}
}
@article{the2016fast,
  title={Fast and Accurate Protein False Discovery Rates on
Large-Scale Proteomics Data Sets with {P}ercolator 3.0},
  author={The, Matthew and MacCoss, Michael J and Noble, William S and
K{\"a}ll, Lukas},
  journal={Journal of the {A}merican {S}ociety for {M}ass {S}pectrometry},
  volume={27},
  number={11},
  pages={1719},
  year={2016},
  publisher={Springer}
}

% datasets

@article{latosinska2015comparative,
  title={Comparative analysis of label-free and {8-Plex iTRAQ} approach for
quantitative tissue proteomic analysis},
  author={Latosinska, Agnieszka and Vougas, Konstantinos and Makridakis,
Manousos and Klein, Julie and Mullen, William and Abbas, Mahmoud and
Stravodimos, Konstantinos and Katafigiotis, Ioannis and Merseburger, Axel S and
Zoidakis, Jerome and others},
  journal={PloS one},
  volume={10},
  number={9},
  pages={e0137048},
  year={2015},
  publisher={Public Library of Science}
}
@article{bracht2015analysis,
  title={Analysis of Disease-Associated Protein Expression Using Quantitative
Proteomics---Fibulin-5 Is Expressed in Association with Hepatic Fibrosis},
  author={Bracht, Thilo and Schweinsberg, Vincent and Trippler, Martin and Kohl,
Michael and Ahrens, Maike and Padden, Juliet and Naboulsi, Wael and Barkovits,
Katalin and Megger, Dominik A and Eisenacher, Martin and others},
  journal={Journal of {P}roteome {R}esearch},
  volume={14},
  number={5},
  pages={2278--2286},
  year={2015},
  publisher={ACS Publications}
}

@article{GiaiGianetto2016,
  author = {{Giai Gianetto}, Quentin and Combes, Florence and Ramus, Claire and
Bruley, Christophe and Cout{\'{e}}, Yohann and Burger, Thomas},
  doi = {10.1002/pmic.201500189},
  issn = {16159861},
  journal = {Proteomics},
  number = {1},
  pages = {29--32},
  pmid = {26572953},
  title = {Calibration plot for proteomics: {A} graphical tool to
visually check the assumptions underlying {FDR} control in quantitative
experiments},
  volume = {16},
  year = {2016}
}
@article{Choi2017,
  author = {Choi, Meena and Eren-Dogu, Zeynep F. and Colangelo, Christopher and
Cottrell, John and Hoopmann, Michael R. and Kapp, Eugene A. and Kim, Sangtae and
Lam, Henry and Neubert, Thomas A. and Palmblad, Magnus and Phinney, Brett S. and
Weintraub, Susan T. and MacLean, Brendan and Vitek, Olga},
  doi = {10.1021/acs.jproteome.6b00881},
  issn = {15353907},
  journal = {Journal of {P}roteome {R}esearch},
  number = {2},
  pages = {945--957},
  pmid = {27990823},
  title = {{ABRF} {P}roteome {I}nformatics {R}esearch {G}roup ({iPRG}) 2015
Study: {D}etection of Differentially Abundant Proteins in Label-Free
Quantitative {LC-MS/MS} Experiments},
  volume = {16},
  year = {2017}
}
@article{the2017protein,
  title={A protein standard that emulates homology for the
characterization of protein inference algorithms},
  author={The, Matthew and Edfors, Fredrik and Perez-Riverol, Yasset
and Payne, Samuel H and Hoopmann, Michael R and Palmblad, Magnus and
Forsstr{\"o}m, Bj{\"o}rn and K{\"a}ll, Lukas and others},
  journal={bio{R}xiv},
  pages={236471},
  year={2017},
  publisher={Cold Spring Harbor Laboratory}
}

@article{zhu2018nanodroplet,
  title={Nanodroplet processing platform for deep and quantitative proteome
profiling of 10--100 mammalian cells},
  author={Zhu, Ying and Piehowski, Paul D and Zhao, Rui and Chen, Jing and Shen,
Yufeng and Moore, Ronald J and Shukla, Anil K and Petyuk, Vladislav A and
Campbell-Thompson, Martha and Mathews, Clayton E and others},
  journal={Nature {C}ommunications},
  volume={9},
  number={1},
  pages={882},
  year={2018},
  publisher={Nature Publishing Group}
}

@article{geyer2016bartric,
  title={Proteomics reveals the effects of sustained weight loss on the human
  plasma proteome},
  author={Geyer PE, Wewer Albrechtsen NJ, Tyanova S, Grassl N, Iepsen EW,
  Lundgren J, Madsbad S, Holst JJ, Torekov SS, Mann M},
  journal={Molecular Systems Biology },
  volume={12},
  number={12},
  pages={901},
  year={2016},
}

% quantitative proteomics

@article{bantscheff2007quantitative,
  title={Quantitative mass spectrometry in proteomics: {A} critical review},
  author={Bantscheff, Marcus and Schirle, Markus and Sweetman, Gavain and Rick,
Jens and Kuster, Bernhard},
  journal={Analytical and {B}ioanalytical {C}hemistry},
  volume={389},
  number={4},
  pages={1017--1031},
  year={2007},
  publisher={Springer}
}
@article{bantscheff2012quantitative,
  title={Quantitative mass spectrometry in proteomics: {C}ritical review
update from 2007 to the present},
  author={Bantscheff, Marcus and Lemeer, Simone and Savitski, Mikhail M and
Kuster, Bernhard},
  journal={Analytical and {B}ioanalytical {C}hemistry},
  volume={404},
  number={4},
  pages={939--965},
  year={2012},
  publisher={Springer}
}
@article{pascovici2016multiple,
  title={Multiple testing corrections in quantitative proteomics: {A} useful
but blunt tool},
  author={Pascovici, Dana and Handler, David CL and Wu, Jemma X and Haynes, Paul
A},
  journal={Proteomics},
  volume={16},
  number={18},
  pages={2448--2453},
  year={2016},
  publisher={Wiley Online Library}
}
@article{tusher2001significance,
  title={Significance analysis of microarrays applied to the ionizing radiation
response},
  author={Tusher, Virginia Goss and Tibshirani, Robert and Chu, Gilbert},
  journal={Proceedings of the {N}ational {A}cademy of {S}ciences},
  volume={98},
  number={9},
  pages={5116--5121},
  year={2001},
  publisher={National Acad Sciences}
}

% search engines

@article{kong2017msfragger,
  title={{MSFragger}: {U}ltrafast and comprehensive peptide identification in
mass spectrometry--based proteomics},
  author={Kong, Andy T and Leprevost, Felipe V and Avtonomov, Dmitry M and
Mellacheruvu, Dattatreya and Nesvizhskii, Alexey I},
  journal={Nature {M}ethods},
  volume={14},
  number={5},
  pages={513},
  year={2017},
  publisher={Nature Publishing Group}
}
@article{kertesz2015tandem,
  title={Tandem mass spectrum identification via cascaded search},
  author={Kertesz-Farkas, Attila and Keich, Uri and Noble, William Stafford},
  journal={Journal of {P}roteome {R}esearch},
  volume={14},
  number={8},
  pages={3027--3038},
  year={2015},
  publisher={ACS Publications}
}
@article{dorfer2018charmert,
  title={{CharmeRT}: {B}oosting peptide identifications by chimeric spectra
identification and retention time prediction},
  author={Dorfer, Viktoria and Maltsev, Sergey and Winkler, Stephan and
Mechtler, Karl},
  journal={Journal of {P}roteome {R}esearch},
  year={2018},
  publisher={ACS Publications}
}
@article{diament2011faster,
  title={Faster {SEQUEST} searching for peptide identification from tandem mass
spectra},
  author={Diament, Benjamin J and Noble, William Stafford},
  journal={Journal of {P}roteome {R}esearch},
  volume={10},
  number={9},
  pages={3871--3879},
  year={2011},
  publisher={ACS Publications}
}
@article{na2011fast,
  title={Fast multi-blind modification search through tandem mass spectrometry},
  author={Na, Seungjin and Bandeira, Nuno and Paek, Eunok},
  journal={Molecular \& {C}ellular {P}roteomics},
  pages={mcp--M111},
  year={2011},
  publisher={ASBMB}
}
@article{ma2015novor,
  title={Novor: {R}eal-time peptide de novo sequencing software},
  author={Ma, Bin},
  journal={Journal of the {A}merican {S}ociety for {M}ass {S}pectrometry},
  volume={26},
  number={11},
  pages={1885--1894},
  year={2015},
  publisher={Springer}
}
@article{eng2008,
  title={A fast {SEQUEST} cross correlation algorithm},
  author={Eng, Jimmy K and Fischer, Bernd and Grossmann, Jonas and MacCoss,
Michael J},
  journal={Journal of {P}roteome {R}esearch},
  volume={7},
  number={10},
  pages={4598--4602},
  year={2008},
  publisher={ACS Publications}
}
@article{kim2008,
  title={Spectral probabilities and generating functions of tandem mass spectra:
{A} strike against decoy databases},
  author={Kim, Sangtae and Gupta, Nitin and Pevzner, Pavel A},
  journal={Journal of {P}roteome {R}esearch},
  volume={7},
  number={8},
  pages={3354--3363},
  year={2008},
  publisher={ACS Publications}
}
@article{park2008rapid,
  title={Rapid and accurate peptide identification from tandem mass spectra},
  author={Park, Christopher Y and Klammer, Aaron A and K\"{a}ll, Lukas and
MacCoss, Michael J and Noble, William S},
  journal={Journal of {P}roteome {R}esearch},
  volume={7},
  number={7},
  pages={3022--3027},
  year={2008},
  publisher={ACS Publications}
}
@article{mcilwain2014,
  title={Crux: {R}apid open source protein tandem mass spectrometry analysis},
  author={McIlwain, Sean and Tamura, Kaipo and Kertesz-Farkas, Attila and Grant,
Charles E and Diament, Benjamin and Frewen, Barbara and Howbert, J Jeffry and
Hoopmann, Michael R and K\"all, Lukas and Eng, Jimmy K and others},
  journal={Journal of {P}roteome {R}esearch},
  volume={13},
  number={10},
  pages={4488--4491},
  year={2014},
  publisher={ACS Publications}
}
@article{cottrell1999,
  title={Probability-based protein identification by searching sequence
databases using mass spectrometry data},
  author={Cottrell, John S and London, U},
  journal={Electrophoresis},
  volume={20},
  number={18},
  pages={3551--3567},
  year={1999}
}
@article{lam2007,
  title={Development and validation of a spectral library searching method for
peptide identification from {MS/MS}},
  author={Lam, Henry and Deutsch, Eric W and Eddes, James S and Eng, Jimmy K and
King, Nichole and Stein, Stephen E and Aebersold, Ruedi},
  journal={Proteomics},
  volume={7},
  number={5},
  pages={655--667},
  year={2007},
  publisher={Wiley Online Library}
}
@article{frewen2006,
  title={Analysis of peptide {MS/MS} spectra from large-scale proteomics
experiments using spectrum libraries},
  author={Frewen, Barbara E and Merrihew, Gennifer E and Wu, Christine C and
Noble, William Stafford and MacCoss, Michael J},
  journal={Analytical {C}hemistry},
  volume={78},
  number={16},
  pages={5678--5684},
  year={2006},
  publisher={ACS Publications}
}
@article{griss2016recognizing,
  title={Recognizing millions of consistently unidentified spectra across
hundreds of shotgun proteomics datasets},
  author={Griss, Johannes and Perez-Riverol, Yasset and Lewis, Steve and Tabb,
David L and Dianes, Jos{\'e} A and del-Toro, Noemi and Rurik, Marc and Walzer,
Mathias and Kohlbacher, Oliver and Hermjakob, Henning and others},
  journal={Nature {M}ethods},
  volume={13},
  number={8},
  pages={651},
  year={2016},
  publisher={Nature Publishing Group}
}
@article{kall2007,
  title={Semi-supervised learning for peptide identification from shotgun
proteomics datasets},
  author={K\"{a}ll, Lukas and Canterbury, Jesse D and Weston, Jason
and Noble,
William Stafford and MacCoss, Michael J},
  journal={Nature {M}ethods},
  volume={4},
  number={11},
  pages={923--925},
  year={2007},
  publisher={Nature Publishing Group}
}
@article{lundstrom2017spotlight,
  title={{SpotLight Proteomics}: {U}ncovering the hidden blood proteome improves
diagnostic power of proteomics},
  author={Lundstr{\"o}m, Susanna L and Zhang, Bo and Rutishauser, Dorothea and
Aarsland, Dag and Zubarev, Roman A},
  journal={Scientific {R}eports},
  volume={7},
  pages={41929},
  year={2017},
  publisher={Nature Publishing Group}
}
@article{kertesz2015tandem,
  title={Tandem mass spectrum identification via cascaded search},
  author={Kertesz-Farkas, Attila and Keich, Uri and Noble, William Stafford},
  journal={Journal of {P}roteome {R}esearch},
  volume={14},
  number={8},
  pages={3027--3038},
  year={2015},
  publisher={ACS Publications}
}

% unidentified spectra

@article{skinner2015illuminating,
  title={Illuminating the dark matter of shotgun proteomics},
  author={Skinner, Owen S and Kelleher, Neil L},
  journal={Nature {B}iotechnology},
  volume={33},
  number={7},
  pages={717},
  year={2015},
  publisher={Nature Publishing Group}
}

@article{matzke2013comparative,
  title={A comparative analysis of computational approaches to
relative protein quantification using peptide peak intensities in
label-free {LC-MS} proteomics experiments},
  author={Matzke, Melissa M and Brown, Joseph N and Gritsenko, Marina
A and Metz, Thomas O and Pounds, Joel G and Rodland, Karin D and
Shukla, Anil K and Smith, Richard D and Waters, Katrina M and
McDermott, Jason E and others},
  journal={Proteomics},
  volume={13},
  number={3-4},
  pages={493--503},
  year={2013},
  publisher={Wiley Online Library}
}

% MS2 clustering

@article{the2016maracluster,
  title={{MaRaCluster}: {A} Fragment Rarity Metric for Clustering Fragment
Spectra in Shotgun Proteomics},
  author={The, Matthew and K\"{a}ll, Lukas},
  journal={Journal of {P}roteome {R}esearch},
  volume={15},
  number={3},
  pages={713--720},
  year={2016},
  publisher={ACS Publications}
}
@article{frank2011,
  title={Spectral archives: {E}xtending spectral libraries to analyze both
identified and unidentified spectra},
  author={Frank, Ari M and Monroe, Matthew E and Shah, Anuj R and Carver, Jeremy
J and Bandeira, Nuno and Moore, Ronald J and Anderson, Gordon A and Smith,
Richard D and Pevzner, Pavel A},
  journal={Nature {M}ethods},
  volume={8},
  number={7},
  pages={587--591},
  year={2011},
  publisher={Nature Publishing Group}
}
@article{griss2013,
  title={{PRIDE Cluster}: {B}uilding a consensus of proteomics data},
  author={Griss, Johannes and Foster, Joseph M and Hermjakob, Henning and
Vizca{\'\i}no, Juan Antonio},
  journal={Nature {M}ethods},
  volume={10},
  number={2},
  pages={95--96},
  year={2013},
  publisher={Nature Publishing Group}
}

% retention time alignment

@article{rost2016tric,
  title={{TRIC}: {A}n automated alignment strategy for reproducible protein
quantification in targeted proteomics},
  author={R{\"o}st, Hannes L and Liu, Yansheng and D'Agostino, Giuseppe and
Zanella, Matteo and Navarro, Pedro and Rosenberger, George and Collins, Ben C
and Gillet, Ludovic and Testa, Giuseppe and Malmstr{\"o}m, Lars and others},
  journal={Nature {M}ethods},
  volume={13},
  number={9},
  pages={777},
  year={2016},
  publisher={Nature Publishing Group}
}

% feature detection

@article{teleman2016dinosaur,
  author = {Teleman, Johan and Chawade, Aakash and Sandin, Marianne and
  Levander, Fredrik and Malmstr{\"{o}}m, Johan},
  journal = {Journal of {P}roteome {R}esearch},
  number = {7},
  pages = {2143--2151},
  title = {Dinosaur: {A} Refined Open-Source Peptide {MS} Feature Detector},
  volume = {15},
  year = {2016}
}
@article{michalski2011more,
  title={More than 100,000 detectable peptide species elute in single
shotgun proteomics runs but the majority is inaccessible to
data-dependent {LC-MS/MS}},
  author={Michalski, Annette and Cox, Juergen and Mann, Matthias},
  journal={Journal of {P}roteome {R}esearch},
  volume={10},
  number={4},
  pages={1785--1793},
  year={2011},
  publisher={ACS Publications}
}

% chimeric spectra

@article{wang2011peptide,
  title={Peptide identification by database search of mixture tandem mass
spectra},
  author={Wang, Jian and Bourne, Philip E and Bandeira, Nuno},
  journal={Molecular \& {C}ellular {P}roteomics},
  volume={10},
  number={12},
  pages={M111--010017},
  year={2011},
  publisher={ASBMB}
}
@article{houel2010quantifying,
  title={Quantifying the impact of chimera {MS/MS} spectra on peptide
identification in large-scale proteomics studies},
  author={Houel, Stephane and Abernathy, Robert and Renganathan, Kutralanathan
and Meyer-Arendt, Karen and Ahn, Natalie G and Old, William M},
  journal={Journal of {P}roteome {R}esearch},
  volume={9},
  number={8},
  pages={4152--4160},
  year={2010},
  publisher={ACS Publications}
}

@article{kessner2008,
  title={{ProteoWizard}: {O}pen source software for rapid proteomics tools
development},
  author={Kessner, Darren and Chambers, Matt and Burke, Robert and Agus, David
and Mallick, Parag},
  journal={Bioinformatics},
  volume={24},
  number={21},
  pages={2534--2536},
  year={2008},
  publisher={Oxford Univ Press}
}

% functional annotation

@article{huang2008systematic,
  title={Systematic and integrative analysis of large gene lists using {DAVID}
bioinformatics resources},
  author={Huang, Da Wei and Sherman, Brad T and Lempicki, Richard A},
  journal={Nature {P}rotocols},
  volume={4},
  number={1},
  pages={44},
  year={2008},
  publisher={Nature Publishing Group}
}
@article{di2017nextflow,
  title={Nextflow enables reproducible computational workflows},
  author={Di Tommaso, Paolo and Chatzou, Maria and Floden, Evan W and Barja, Pablo Prieto and Palumbo, Emilio and Notredame, Cedric},
  journal={Nature biotechnology},
  volume={35},
  number={4},
  pages={316},
  year={2017},
  publisher={Nature Publishing Group}
}

% MISC

@ARTICLE{biocontainers,
    autohor = "Leprevost F V. et al",
    title = "BioContainers: an open-source and community-driven framework for software standardization",
    journal = "Bioinformatics",
    volume = "33",
    number = "16",
    pages = "2580-2582",
    DOI = "10.1093/bioinformatics/btx192",
    year = "2017"
}

@MISC{pyside2,
    title = "Qt for Python",
    howpublished = "\url{https://wiki.qt.io/Qt_for_Python}",
    note = "Accessed: 2019-03-28"
}

@ARTICLE{boxcar,
    author = "Meier F. et al.",
    title = "BoxCar acquisition method enables single-shot proteomics at a depth
    of 10,000 proteins in 100 minutes",
    DOI = "10.1038/s41592-018-0003-5",
    volume = "15",
    year = "2017"
}

@ARTICLE{boxcar-data,
    author = "Albrechtsen N. et al",
    title = "Plasma Proteome Profiling Reveals Dynamics of Inflammatory and
     Lipid Homeostasis Markers after Roux-En-Y Gastric Bypass Surgery",
    journal = "Cell Systems",
    volume = "7",
    number = "6",
    pages = "601-612",
    DOI = "10.1016/j.cels.2018.10.012",
    year = "2018"
}

@ARTICLE{docker,
  author = "Merkel, Dirk",
  year = "2014",
  month = "03",
  pages = "",
  title = "Docker: lightweight Linux containers for consistent development and deployment",
  volume = "2014",
  journal = "Linux Journal"
}

@ARTICLE{singularity-hub,
    author = "Sochat V. Prybol CJ. Kurtzer GM",
    title = "Enhancing reproducibility in scientific computing: Metrics and registry for Singularity containers",
    journal = "PLoS ONE",
    volume = "12",
    number = "11",
    DOI = "10.1371/journal.pone.0188511",
    year = "2017"
}

@MISC{singularity-uppmax,
    title = "Singularity User Guide",
    howpublished = "\url{https://www.uppmax.uu.se/support/user-guides/singularity-user-guide/}",
    note = "Accessed: 2019-03-27"
}

@ARTICLE{crux,
    author = "McIlwain S. et al",
    title = "Crux: rapid open source protein tandem mass spectrometry analysis",
    journal = "Journal of Proteome Research",
    volume = "13",
    number = "10",
    pages = "4488-4491",
    year = "2014"
}

@ARTICLE{tide-search,
    author = "Diament J. B. and Noble S. W.",
    title = "Faster SEQUEST Searching for Peptide Identification from Tandem Mass Spectra",
    journal = "Journal of Proteome Research",
    volume = "10",
    number = "9",
    pages = "3871-3879",
    year = "2010"
}

@ARTICLE{percolator,
    author = "Käll L. et al",
    title = "Semi-supervised learning for peptide identification from shotgun proteomics datasets",
    journal = "Nature Methods",
    volume = "4",
    number = "11",
    pages = "923-925",
    year = "2007"
}
