@unpublished{quandenser,
  author = {The, Matthew and Käll, Lukas},
  title = {Focus on the spectra that matter by clustering of quantification data in shotgun proteomics},
  year = {2018}
}

@ARTICLE{nextflow,
    author = {Tommaso P et al},  %bib can only use max 3 people in author
    title = {Nextflow enables reproducible computational workflows},
    journal = {Nature Biotechnology},
    volume = {35},
    DOI = {10.1038/nbt.3820},
    pages = {316–319},
    year = {2017}
}

@ARTICLE{singularity,
    author = {Kurtzer GM, Sochat V, Bauer MW},
    title = {Singularity: Scientific containers for mobility of compute.},
    journal = {PLoS ONE},
    volume = {5},
    DOI = {10.1371/journal.pone.0177459},
    year = {2017}
}

@ARTICLE{singularity-hub,
    author = {Sochat V, Prybol CJ, Kurtzer GM},
    title = {Enhancing reproducibility in scientific computing: Metrics and registry for Singularity containers},
    journal = {PLoS ONE},
    volume = {12},
    number = {11},
    DOI = {10.1371/journal.pone.0188511},
    year = {2017}
}

@MISC{singularity-uppmax,
    title = {Singularity User Guide},
    howpublished = {\url{https://www.uppmax.uu.se/support/user-guides/singularity-user-guide/}},
    note = {Accessed: 2019-03-27}
}

@ARTICLE{proteowizard,
    author = {Kessner D et al},
    title = {ProteoWizard: open source software for rapid proteomics tools development},
    journal = {Bioinformatics},
    volume = {24},
    number = {21},
    DOI = {10.1093/bioinformatics/btn323},
    pages = {2534–2536},
    year = {2008}
}

@ARTICLE{crux,
    author = {Sean McIlwain et al},
    title = {Crux: rapid open source protein tandem mass spectrometry analysis},
    journal = {Journal of Proteome Research},
    volume = {13},
    number = {10},
    pages = {4488-4491},
    year = {2014}
}

@ARTICLE{tide-search,
    author = {Benjamin J. Diament and William Stafford Noble},
    title = {Faster SEQUEST Searching for Peptide Identification from Tandem Mass Spectra},
    journal = {Journal of Proteome Research},
    volume = {10},
    number = {9},
    pages = {3871-3879},
    year = {2010}
}

@ARTICLE{percolator,
    author = {Lukas Käll et al},
    title = {Semi-supervised learning for peptide identification from shotgun proteomics datasets},
    journal = {Nature Methods},
    volume = {4},
    number = {11},
    pages = {923-925},
    year = {2007}
}

@ARTICLE{triqler,
    author = {Matthew The and Lukas Käll},
    title = {Integrated identification and quantification error probabilities for shotgun proteomics},
    journal = {Molecular and Cellular Proteomics},
    volume = {18},
    number = {3},
    DOI = {10.1074/mcp.RA118.001018},
    year = {2019},
    pages = {561-570}
}

@ARTICLE{mzml-format,
    author = {Eric W. Deutsch},
    title = {Mass Spectrometer Output File Format mzML},
    journal = {Methods in Molecular Biology},
    volume = {604},
    DOI = {10.1007/978-1-60761-444-9_22},
    year = {2010},
    pages = {319-331}
}

@MISC{wine,
    title = {About Wine},
    howpublished = {\url{https://www.winehq.org/about}},
    note = {Accessed: 2019-03-28}
}

@MISC{docker-image,
    title = {Chambm/wine-dotnet},
    howpublished = {\url{https://hub.docker.com/r/chambm/wine-dotnet}},
    note = {Accessed: 2019-03-28}
}

@MISC{docker-howto,
    title = {Msconvert Wine},
    howpublished = {\url{http://tools.proteomecenter.org/wiki/index.php?title=Msconvert_Wine}},
    note = {Accessed: 2019-03-28}
}

@MISC{pyside2,
    title = {Qt for Python},
    howpublished = {\url{https://wiki.qt.io/Qt_for_Python}},
    note = {Accessed: 2019-03-28}
}

%% Unused
@ARTICLE{michael-jahn-cyano,
    author = "Jahn et al",
    title = "Growth of Cyanobacteria Is Constrained by the Abundance of Light and Carbon Assimilation Proteins",
    journal = "Cell Reports",
    year = "2018",
    volume = "25",
    pages = "478-486",
    month = "oct"
}

@MISC{nf-core,
    title = {nf-core - A community effort to collect a curated set of analysis pipelines built using Nextflow},
    howpublished = {\url{https://opensource.scilifelab.se/projects/nf-core/}},
    note = {Accessed: 2019-03-28}
}
