@unpublished{quandenser,
  author = 	 {The, Matthew and KÃ¤ll, Lukas},
  title = 	 {Focus on the spectra that matter by clustering of quantification data
in shotgun proteomics},
  year = 	 {2018}
}

@ARTICLE {michael,
    author  = "Jahn et al",
    title   = "Growth of Cyanobacteria Is Constrained by the Abundance of Light and Carbon Assimilation Proteins",
    journal = "Cell Reports",
    year    = "2018",
    volume  = "25",
    pages   = "478-486",
    month   = "oct"
}
